<record><leader>00000cas a22000007a 4500</leader><controlfield tag="001">16911991</controlfield><controlfield tag="008">871029d18491850ohuwr ne      0    0eng d</controlfield><datafield ind1=" " ind2=" " tag="010"><subfield code="a">sn 87076788 </subfield></datafield><datafield ind1=" " ind2=" " tag="040"><subfield code="a">ONP</subfield><subfield code="b">eng</subfield><subfield code="c">ONP</subfield><subfield code="d">OCLCQ</subfield></datafield><datafield ind1=" " ind2=" " tag="042"><subfield code="a">msc</subfield></datafield><datafield ind1="0" ind2="4" tag="245"><subfield code="a">The Western Whig standard.</subfield></datafield><datafield ind1=" " ind2=" " tag="260"><subfield code="a">Tiffin, O. [Ohio] :</subfield><subfield code="b">Geo. L. Wharton,</subfield><subfield code="c">1849-1850.</subfield></datafield><datafield ind1=" " ind2=" " tag="310"><subfield code="a">Weekly</subfield></datafield><datafield ind1="0" ind2=" " tag="362"><subfield code="a">Vol. 4, no. 1 (Mar. 3, 1849)-v. 5, no. 3 (May 18, 1850).</subfield></datafield><datafield ind1=" " ind2=" " tag="752"><subfield code="a">United States</subfield><subfield code="b">Ohio</subfield><subfield code="c">Seneca</subfield><subfield code="d">Tiffin.</subfield></datafield><datafield ind1="0" ind2=" " tag="775"><subfield code="t">Tri-weekly standard (Tiffin, Ohio)</subfield><subfield code="w">(DLC)sn 87076789</subfield></datafield><datafield ind1="0" ind2="0" tag="780"><subfield code="t">Whig standard (Tiffin, Ohio)</subfield><subfield code="w">(DLC)sn 87076787</subfield></datafield></record>